<?xml version="1.0" encoding="UTF-8"?><collection xmlns="http://www.loc.gov/MARC21/slim"><record><leader>00497nam--2200181-i-4500</leader><controlfield tag="001">000023732</controlfield><controlfield tag="002">20161230</controlfield><controlfield tag="005">20161230201035</controlfield><controlfield tag="008">060222s1000------------r-----000-0-rus-d</controlfield><datafield ind1=" " ind2=" " tag="041"><subfield code="a">rus</subfield></datafield><datafield ind1=" " ind2=" " tag="080"><subfield code="a">539.124.143</subfield></datafield><datafield ind1="1" ind2=" " tag="100"><subfield code="a">Meilman, M.L</subfield></datafield><datafield ind1="1" ind2="0" tag="245"><subfield code="a">Vvedenie v spektrosko9piyu epr aktivirovannih monokristallov</subfield><subfield code="c">M.l. meilman, m.i. samoilovici</subfield></datafield><datafield ind1=" " ind2=" " tag="260"><subfield code="a">Moskva</subfield><subfield code="b">Atomizdat</subfield><subfield code="c">1977</subfield></datafield><datafield ind1=" " ind2=" " tag="300"><subfield code="a">271P</subfield></datafield><datafield ind1="1" ind2=" " tag="700"><subfield code="a">Samoilovici, M.I</subfield></datafield><datafield ind1=" " ind2=" " tag="852"><subfield code="a">45473</subfield><subfield code="c">539.12</subfield></datafield><datafield ind1=" " ind2=" " tag="CAT"><subfield code="a">Sys</subfield><subfield code="c">20111130</subfield><subfield code="h">085653</subfield></datafield></record></collection>